@BOOK{bastard1988,
  title = {Wave mechanics applied to semiconductor heterostructures},
  publisher = {Les Ulis Cedex: Halsted Press},
  year = {1988},
  author = {G. Bastard}
}

@INPROCEEDINGS{myself1stschoolspintronicap21,
  author = {Thiago Schiavo Mosqueiro and Esmerindo Bernardes and J. Carlos Egues},
  title = {Spin-assisted Optical Transitions in Zincblende Quantum Wells with
	Two Subbands},
  booktitle = {Resumos...},
  year = {2010},
  pages = {21},
  publisher = {S\~{a}o Carlos: IFSC},
  caddress = {S\~ao Carlos},
  cdate = {2010},
  cnumber = {1},
  conference = {S\~ao Paulo School of Advanced Science: Spintronics and Quantum Computation},
  ctitle = {Resumos...},
  cyear = {2010},
  owner = {papaco},
  timestamp = {2011.05.07}
}

@ARTICLE{Crutchfieldnp8172012,
  author = {James P. Crutchfield},
  title = {Between order and chaos},
  journal = {Nature Physics},
  year = {2012},
  volume = {8},
  pages = {17--24},
  number = {1},
  doi = {10.1038/nphys2190}
}

@ARTICLE{PhysRevB.76.195439,
author = {Rusin, Tomasz M. and Zawadzki, Wlodek},
title = {Transient Zitterbewegung of charge carriers in mono- and bilayer graphene, and carbon nanotubes},
journal = {Physical Review B},
year = {2007},
volume = {76},
pages = {195439-1--195439-7},
number = {19},
doi = {10.1103/PhysRevB.76.195439},
numpages = {7},
publisher = {American Physical Society}
}